@article{cruz2022competitividad,
    title={Competitividad de las exportaciones de aguacate Hass de México en el mercado mundial},
    author={Cruz, L. and Caamal, C. and Pat., F. and Reza, S.},
    journal={Revista Mexicana de Ciencias Agrícolas},
    volume={13},
    number={2},
    pages={355--362},
    year={2022},
    note={\url{http://cienciasagricolas.inifap.gob.mx/index.php/agricolas/article/view/2885/4723}}
}

@article{dane2016cultivo,
    title={Cultivo del aguacate Hass (Persea americana Mill; Persea nubigena var. Guatemalensis x Persea americana var. drymifolia), plagas y enfermedades durante la temporada de lluvias},
    author={{Departamento Administrativo Nacional de Estadística (DANE)}},
    journal={Boletín Mensual Insumos y Factores asociados a la Producción Agropecuaria},
    volume={},
    number={50},
    pages={1--102},
    year={2016},
    note={\url{https://www.dane.gov.co/files/investigaciones/agropecuario/sipsa/Bol_Insumos_ago_2016.pdf}}
}

@book{geron2019hands,
    title={Hands-on machine learning with Scikit-Learn, Keras, and TensorFlow: Concepts, tools, and techniques to build intelligent systems},
    author={G{\'e}ron, A.},
    year={2019},
    edition={2nd ed.},
    publisher={O'Reilly Media, Inc.}
}

@article{ica2012manejo,
    title={Manejo Fitosanitario del cultivo del aguacate Hass. Mediadas para la temporada invernal},
    author={{Instituto Colombiano Agropecuario}},
    journal={},
    year={2012},
    note={Ministerio de Agricultura y Desarrollo Rural, Colombia}
}

@article{faostat2021hacia,
    title={Hacia una agricultura sostenible y resiliente en América Latina y el Caribe - Análisis de siete trayectorias de transformación exitosas},
    author={{Organización de las Naciones Unidas para la Alimentación y la Agricultura (FAOSTAT)}},
    journal={},
    year={2021},
    note={Organización de las Naciones Unidas para la Alimentación y la Agricultura–FAO, Chile. \url{https://www.fao.org/3/cb4415es/cb4415es.pdf}}
}

@article{arleyllano2016,
    author = {{Arley, O. y Llano, R.}},
    year = {2016},
    title = {Sistemas de información enfocados en tecnologías de agricultura de precisión y aplicables a la caña de azúcar, una revisión},
    journal = {Revista Ingenierías Universidad de Medellín},
    volume = {15},
    number = {28},
    pages = {103-124}
}

@mastersthesis{monsalve2021,
    author = {Monsalve, S.},
    year = {2021},
    title = {Agricultura de precisión en la predicción de la merma de defectos en cultivos de banano},
    type = {Tesis Especialización},
    school = {Universidad de Antioquia},
    address = {Antioquia},
    note = {\url{https://bibliotecadigital.udea.edu.co/bitstream/10495/20593/10/SebastianMonsalve_2021_AgriculturaPrecisi%C3%B3n.pdf}}
}}

@article{fao2021,
    author = {{Organización de las Naciones Unidas para la Alimentación y la Agricultura}},
    year = {2021},
    title = {Perspectivas de la Agricultura y del Desarrollo Rural en las Américas: una mirada hacia América Latina y el Caribe 2021-2022},
 	pages = {87--107},
    note = {CEPAL, FAO, IICA. Costa Rica.  \url{http://repositorio.cepal.org/bitstream/handle/11362/47208/CEPAL-FAO21-22_es.pdf?sequence=1&isAllowed=y}}
}

@article{vela2012,
    author = {Vela, C.},
    year = {2012},
    title = {La industria del software: Una experiencia de empresas, gobiernos y universidades en Uruguay y Ecuador},
    note = {FLACSO, Ecuador \url{https://biblio.flacsoandes.edu.ec/libros/digital/52735.pdf}},
    pages = {21--78}
}

@article{proyectocolombiamide2021,
    author = {{Proyecto Colombia Mide}},
    year = {2021},
    title = {Informe Ejecutivo: Estudio sobre las necesidades y brechas de la calidad en la cadena productiva de aguacate Hass y plan de acción. Antioquía y su zona de influencia},
    note = {Instituto Nacional de Metrolog{\'i}a INM, Programa de la Unión Europea, Bogot{\'a}. \url{https://colombiamide.inm.gov.co/wp-content/uploads/2021/05/Informe-Aguacate-Hass_VFinal_20210506.pdf}}
}

@article{agapito2022,
    author = {Agapito, A. and Cibrián, L. and Gutiérrez, R. and Ruiz, J. and López, C. and Rueda, P.},
    year = {2022},
    title = {Phytophthora cinnamomi Rands en aguacate},
    journal = {Revista Mexicana de Ciencias Agricolas},
    volume = {1},
    number = {28},
    pages = {331--341},
    note = {\url{https://dialnet.unirioja.es/descarga/articulo/8624636.pdf}}
}

@mastersthesis{aimacana2021,
    author = {Aimacaña, C. and Columba, G.},
    year = {2021},
    title = {Análisis comparativo de algoritmos de Machine Learning para la detección de plagas en los cultivos representativos de la sierra ecuatoriana},
    type = {Tesis de pregrado},
    school = {Universidad Central del Ecuador},
    address = {Ecuador},
    note = {\url{http://www.dspace.uce.edu.ec/bitstream/25000/24228/1/UCE-FING-ISI-AIMACA\%C3\%91A\%20JEFFERSON-COLUMBA\%20ALEXANDER.pdf}}
}

@mastersthesis{avila2022,
    author = {{\'A}vila, P.},
    year = {2022},
    title = {Entrenamiento de redes neuronales para la identificación de plagas en cultivos de café},
    type = {Tesis de Grado},
    school = {Universidad Pedagogica},
    address = {Colombia},
    note = {\url{http://repository.pedagogica.edu.co/bitstream/handle/20.500.12209/18306/entrenamiento\%20redes\%20neuronales.pdf?sequence=4&isAl}}
}

@article{carabali2022,
    author = {Carabalí, M. and Caicedo, V. and Holguín, M.},
    year = {2022},
    title = {Guía para el reconocimiento y manejo de las principales plagas de aguacate CV. Hass en Colombia},
    note = {Instituto Colombiana Agropecuario, Colombia.  \url{https://editorial.agrosavia.co/index.php/publicaciones/catalog/download/226/208/1422-1?inline=1}}
}

@mastersthesis{castaneda2021,
    author = {Castañeda, V. and Guerrero, M. and Renteros, P. and Villanueva, M.},
    year = {2021},
    title = {Detección de nutrientes del suelo y planta, y pestes en campos de cultivo de banano orgánico con Machine Learning},
    type = {Tesis de Grado},
    school = {Universidad Piura},
    address = {Peru},
    note = {\url{https://pirhua.udep.edu.pe/bitstream/handle/11042/5204/T_IME_2104.pdf?sequence=1&isAllowed=y}}
}

@article{contreras2022,
    author = {Contreras, C. and Medina, D. and Acevedo, J. and Guevara, Ibarra},
    year = {2022},
    title = {Metodología de desarrollo de técnicas de agrupamiento de datos usando aprendizaje automático},
    journal = {Revista Tecnura},
    volume = {26},
    number = {72},
    pages = {42--58},
    note = {\url{http://www.scielo.org.co/pdf/tecn/v26n72/0123-921X-tecn-26-72-42.pdf}}
}

@mastersthesis{garcia2022,
    author = {García, F. and Ulloa, L.},
    year = {2022},
    title = {Implementación de modelo Machine Learning aplicado al estudio de enfermedades de café en el centro de investigación Sacha Wiwa, perteneciente a la parroquia Gasaganga, Cantón la Maná, provincia de Cotopaxi},
    type = {Tesis},
    address = {Ecuador},
    school = {Universidad Técnica de Cotopaxi},
    note = {\url{http://repositorio.utc.edu.ec/bitstream/27000/8981/1/UTC-PIM-000530.pdf}}
}

@article{jara2016,
    author = {Jara, E. and Giral, D. and Martínez, S.},
    year = {2016},
    title = {Implementación de algoritmos basados en máquinas de soporte vectorial (SVM) para sistemas eléctricos: revisión de tema},
    journal = {Revista Tecnura},
    volume = {20},
    number = {48},
    pages = {149--170},
    note = {\url{https://www.redalyc.org/pdf/2570/257046835012.pdf}}
}

@article{reyes2022,
    author = {Reyes, A. and Castro A. and López, F. and Mendoza, B. and Secundino, J.},
    year = {2022},
    title = {Cambio climático y producción de aguacate},
    journal = {Revista de la Universidad de Chapingo},
    note = {\url{https://www.researchgate.net/publication/357662730_Cambio_climatico_y_produccion_de_aguacate}}
}

@mastersthesis{rivero2022,
    author = {Rivero, D.},
    year = {2022},
    title = {Investigación de mercado y aplicación práctica de MLOps: machine learning operations},
    type = {Tesis Maestría},
    address = {Uruguay},
    school = {Universidad ORT Uruguay},
    note = {\url{https://dspace.ort.edu.uy/bitstream/handle/20.500.11968/4836/Material\%20completo.pdf?sequence=1&isAllowed=y}}
}

@article{salamanca2021,
    author = {Salamanca, R. and Castro, E.},
    year = {2021},
    title = {Técnicas de aprendizaje automático aplicadas en los sistemas de predicción},
    journal = {Revista Tecnología Investigación y Academia TIA},
    volume = {8},
    number = {1},
    pages = {39--53}
}

@mastersthesis{tovar2019,
    author = {Tovar, M.},
    year = {2019},
    title = {Diseño e implementación de un aplicativo móvil para realizar la detección temprana de la enfermedad de la Sigatoka Negra en los cultivos de plátanos},
    type = {Tesis de Maestría},
    address = {Colombia},
    school = {Universidad Tecnológica de Pereira},
    note = {\url{https://repositorio.utp.edu.co/server/api/core/bitstreams/5de73e8c-547d-4d43-bcf9-bff99d8ea88c/content}}
}

@mastersthesis{valenzuela2022,
    author = {Valenzuela, C.},
    year = {2022},
    title = {Detección y Clasificación de Enfermedades en el Tomate Mediante Deep Learning y Computer Vision},
    type = {Tesis de Maestria},
    address = {Argentina},
    school = {Universidad Nacional de la Plata},
    note = {\url{http://sedici.unlp.edu.ar/bitstream/handle/10915/139770/Documento_completo.pdf-PDFA.pdf?sequence=1&isAllowed=y}}
}

@misc{visengeriyeva2020,
    author = {Visengeriyeva, L. and Kammer, A. and Bär, I. and Kniesz, A. and Michael Plöd, M.},
    year = {2020},
    title = {Why you Might Want to use Machine Learning},
    note = {\url{https://ml-ops.org/content/motivation}}
}

@article{zafra2006,
    author = {Zafra, G.},
    year = {2006},
    title = {Tipos de Investigación},
    journal = {Revista Científica General José María Córdova},
    volume = {4},
    number = {4},
    pages = {13--14},
    note = {\url{https://www.redalyc.org/pdf/4762/476259067004.pdf}}
}

@article{diaz2017,
    author = {Díaz, V. and Caicedo, V. and Carabalí, M.},
    year = {2017},
    title = {Ciclo de vida y descripción morfológica de Heilipus Lauri Boheman (Coleoptera: Curculionidae) en Colombia},
    journal = {Revista Acta Zoológica Mexicana},
    volume = {33},
    number = {2},
    pages = {231--242},
    note = {\url{https://www.scielo.org.mx/pdf/azm/v33n2/2448-8445-azm-33-02-00231.pdf}}
}

@article{palacios2011,
    author = {Palacios, T. and Ramírez, A. and Uribe, G. and Granados, E. and Romero, C. and Valdez, C.},
    year = {2011},
    title = {La palomilla barrenadora del aguacate \textit{Stenoma catenifer} Walsingham (Lepidoptera: Elachistidae) en Querétaro, México},
    journal = {Revista Acta Zoológica Mexicana},
    volume = {27},
    number = {2},
    note = {\url{https://www.scielo.org.mx/scielo.php?script=sci_arttext&pid=S0065-17372011000200021}}
}

@article{zapata2022,
    author = {Zapata, C. and Carabalí, M. and Arango, L.},
    title = {Distribución espacial del daño de \textit{Heilipus lauri} (Coleoptera: Curculionidae) y \textit{Stenoma catenifer} (Lepidoptera: Elachistidae) en aguacate \textit{Persea americana} var. \textit{Hass}},
    year = {2022},
}

@article{rehman2022conversion,
  author    = {Rehman, A.},
  title     = {Converting a custom dataset from COCO format to YOLO format},
  year      = {2022},
  note      = {\url{https://medium.com/red-buffer/converting-a-custom-dataset-from-coco-format-to-yolo-format-6d98a4fd43fc}}
}

@article{schmidhuber2015deep,
  author    = {Schmidhuber, J.},
  title     = {Deep learning in neural networks: An overview},
  journal   = {Journal of Neural Networks},
  year      = {2015},
  number    = {61},
  pages     = {85-117},
  note      = {\url{https://www2.econ.iastate.edu/tesfatsi/DeepLearningInNeuralNetworksOverview.JSchmidhuber2015.pdf}}
}

@article{microsoft2023,
  author    = {Microsoft},
  title     = {Machine Learning Operations Maturity Model},
  year      = {2023},
  note      = {\url{https://learn.microsoft.com/en-us/azure/architecture/ai-ml/guide/mlops-maturity-model}}
}

@article{neptune2024,
  author    = {Neptune},
  title     = {MLOps Landscape in 2024: Top Tools and Platforms},
  year      = {2024},
  note      = {\url{https://neptune.ai/blog/mlops-tools-platforms-landscape}}
}

@online{orovengua2016,
	author    = {Orovengua, J.},
	title     = {Docker, virtualizada aplicaciones con contenedores},
	year      = {2016},
	howpublished = {Linux Party},
	note      = {\url{https://www.linuxparty.es/115-docker/9544-docker-virtualiza-aplicaciones-con-contenedores.html}}
}

@article{decoder2023,
	author    = {{The Decoder}},
	title     = {YOLOv8 shows the enormous possibilities of computer vision},
	year      = {2023},
	note      = {\url{https://the-decoder.com/yolov8-shows-the-enormous-possibilities-of-computer-vision/}}
}

@article{pedro2021,
	author    = {Pedro, V. and Reynaldos, G. and Ureta, A. and Cortez, P.},
	title     = {Generalidades del Machine Learning y su aplicación en la gestión sanitaria en Servicios de Urgencia},
	journal   = {Revista Médica de Chile},
	year      = {2021},
	volume    = {149},
	number    = {2},
	pages     = {248--254},
	note      = {\url{https://www.scielo.cl/scielo.php?script=sci_arttext&pid=S0034-98872021000200248}}
}
